@book{doll2023spectral,
  title={Spectral Flow: A Functional Analytic and Index-Theoretic Approach},
  author={Doll, Nora and Schulz-Baldes, Hermann and Waterstraat, Nils},
  year={2023},
  publisher={De Gruyter},
  address={Berlin}
}

@book{rudin1991functional,
  title={Functional Analysis},
  author={Rudin, Walter},
  year={1991},
  publisher={McGraw-Hill, Inc.},
  address={New York}
}

@book{lax2002functional,
  title={Functional Analysis},
  author={Lax, Peter D.},
  year={2002},
  publisher={Wiley-Interscience},
  address={New York},
  edition={1st}
}

@book{ReedSimonI,
  title     = {Methods of Modern Mathematical Physics I-IV: Functional Analysis; Fourier Analysis, Self-Adjointness; Scattering Theory; Analysis of Operators},
  author    = {Reed, Michael and Simon, Barry},
  year      = {1980},
  publisher = {Academic Press},
  address   = {New York}
}

@book{werner2018funktionalanalysis,
  title     = {Funktionalanalysis},
  author    = {Dirk Werner},
  year      = {2018},
  publisher = {Springer Spektrum},
  address   = {Berlin, Heidelberg},
  isbn      = {978-3-662-55406-7},
  doi       = {10.1007/978-3-662-55407-4}
}

@book{lechner,
  title     = {Vorlesungsskript zur Funktionalanalysis I},
  author    = {Gandalf Lechner},
  year      = {2024},
  publisher = {Friedrich-Alexander Universit√§t},
  address   = {Erlangen}
}
